@article{foster2005combinators,
	title={Combinators for bi-directional tree transformations: a linguistic approach to the view update problem},
	author={Foster, J Nathan and Greenwald, Michael B and Moore, Jonathan T and Pierce, Benjamin C and Schmitt, Alan},
	journal={ACM SIGPLAN Notices},
	volume={40},
	number={1},
	pages={233--246},
	year={2005},
	publisher={ACM New York, NY, USA}
}

@book{mac1970categories,
	title={Categories for the working mathematician},
	author={Mac Lane, Saunders},
	edition={2},
	year={1970},
	publisher={Springer-Verlag New York}
}

@article{boisseau2018yoneda,
	title={What you needa know about Yoneda: Profunctor optics and the Yoneda Lemma (functional pearl)},
	author={Boisseau, Guillaume and Gibbons, Jeremy},
	journal={Proceedings of the ACM on Programming Languages},
	volume={2},
	number={ICFP},
	pages={1--27},
	year={2018},
	publisher={ACM New York, NY, USA}
}

@article{pickering2017profunctor,
	title={Profunctor optics: Modular data accessors},
	author={Pickering, Matthew and Gibbons, Jeremy and Wu, Nicolas},
	journal={arXiv preprint arXiv:1703.10857},
	year={2017}
}

@online{milewski2017profunctor,
	urldate={2017-07-07},
	author={Milewski, Bartosz},
	year={2017},
	title={Profunctor Optics: The CategoricalÂ View},
	url={https://bartoszmilewski.com/2017/07/07/profunctor-optics-the-categorical-view/}
}
@book{ISO:CPP,
	added-at = {2020-10-08T01:13:47.000+0200},
	address = {Geneva, Switzerland},
	author = {{ISO}},
	keywords = {C++ Specification Standard},
	month = feb,
	publisher = {International Organization for Standardization},
	remark = {Revises ISO/IEC 14882:2011.},
	title = {{ISO/IEC 14882:2020 Information technology --- Programming languages --- C++}},
	url = {https://www.iso.org/standard/79358.html},
	year = 2020
}
@article{wadler2015propositions,
	title={Propositions as types},
	author={Wadler, Philip},
	journal={Communications of the ACM},
	volume={58},
	number={12},
	pages={75--84},
	year={2015},
	publisher={ACM New York, NY, USA}
}

@article{brady2021qtt,
	title={Idris 2: Quantitative Type Theory in Practice},
	author={Brady, Edwin},
	journal={arXiv preprint arXiv:2104.00480},
	year={2021}
}
@inproceedings{dowek1993undecidability,
	title={The undecidability of typability in the $\lambda\Pi$-calculus},
	author={Dowek, Gilles},
	booktitle={International Conference on Typed Lambda Calculi and Applications},
	pages={139--145},
	year={1993},
	organization={Springer}
}

